<?xml version="1.0" encoding="UTF-8"?><collection xmlns="http://www.loc.gov/MARC21/slim"><record><leader>00479nam--2200181-i-4500</leader><controlfield tag="001">000021029</controlfield><controlfield tag="002">20161230</controlfield><controlfield tag="005">20161230201034</controlfield><controlfield tag="008">060222s1000------------r-----000-0-rum-d</controlfield><datafield ind1=" " ind2=" " tag="040"><subfield code="a">IFIN-HH</subfield></datafield><datafield ind1=" " ind2=" " tag="041"><subfield code="a">rum</subfield></datafield><datafield ind1=" " ind2=" " tag="080"><subfield code="a">53(061.3)</subfield></datafield><datafield ind1="1" ind2=" " tag="110"><subfield code="a">Societatea Romana De Fizica</subfield></datafield><datafield ind1="1" ind2="0" tag="245"><subfield code="a">Prima sesiune de lucrari stiintifice. 30 noiembrie 1995</subfield></datafield><datafield ind1=" " ind2=" " tag="260"><subfield code="a">Ploiesti</subfield><subfield code="b">Universitatea Petrol-gaze</subfield><subfield code="c">/1995</subfield></datafield><datafield ind1=" " ind2=" " tag="300"><subfield code="a">56 P</subfield></datafield><datafield ind1=" " ind2=" " tag="852"><subfield code="a">80993</subfield><subfield code="c">53</subfield></datafield><datafield ind1=" " ind2=" " tag="CAT"><subfield code="a">Sys</subfield><subfield code="c">20151009</subfield><subfield code="h">132807</subfield></datafield></record></collection>